<record><leader>00000cas a22000007a 4500</leader><controlfield tag="001">11644449</controlfield><controlfield tag="008">850131d19121919wiuwr ne      0    0eng d</controlfield><datafield ind1=" " ind2=" " tag="010"><subfield code="a">sn 85040075 </subfield></datafield><datafield ind1=" " ind2=" " tag="040"><subfield code="a">NPV</subfield><subfield code="b">eng</subfield><subfield code="c">NPV</subfield><subfield code="d">OCLCQ</subfield></datafield><datafield ind1=" " ind2=" " tag="042"><subfield code="a">msc</subfield></datafield><datafield ind1="0" ind2=" " tag="130"><subfield code="a">Lake Geneva herald (Lake Geneva, Wis. : 1912)</subfield></datafield><datafield ind1="1" ind2="4" tag="245"><subfield code="a">The Lake Geneva herald.</subfield></datafield><datafield ind1=" " ind2=" " tag="260"><subfield code="a">Lake Geneva, Wis. :</subfield><subfield code="b">J.E. Nethercut,</subfield><subfield code="c">1912-1919.</subfield></datafield><datafield ind1=" " ind2=" " tag="300"><subfield code="a">v.</subfield></datafield><datafield ind1=" " ind2=" " tag="310"><subfield code="a">Weekly</subfield></datafield><datafield ind1="0" ind2=" " tag="362"><subfield code="a">Vol. 41, no. 1 (Apr. 5, 1912)-v. 48, no. 2 (Apr. 11, 1919) = whole no. 2057-whole no. 2457.</subfield></datafield><datafield ind1=" " ind2=" " tag="752"><subfield code="a">United States</subfield><subfield code="b">Wisconsin</subfield><subfield code="c">Walworth</subfield><subfield code="d">Lake Geneva.</subfield></datafield><datafield ind1="0" ind2="0" tag="780"><subfield code="t">Herald (Lake Geneva, Wis. : 1883)</subfield><subfield code="w">(DLC)sn 85040074</subfield></datafield><datafield ind1="0" ind2="4" tag="785"><subfield code="t">Lake Geneva news (Lake Geneva, Wis. : 1903)</subfield><subfield code="w">(DLC)sn 87082109</subfield></datafield></record>